@book{Bilbao2009,
  title={Numerical Sound Synthesis},
  author={Bilbao, S.},
  isbn={9780470510469},
  year={2009},
  publisher={John Wiley \& Sons}
}

@book{Desv2017,
  title={Physical Modelling of the Bowed String and Applications to Sound Synthesis},
  author={Desvages, C. G. M.},
  year={2017},
  publisher={The University of Edinburgh}
}
